<record><leader>00000cas a22000007a 4500</leader><controlfield tag="001">17019789</controlfield><controlfield tag="008">871124d19141949pauwr ne      0    0eng d</controlfield><datafield ind1=" " ind2=" " tag="010"><subfield code="a">sn 88079271 </subfield></datafield><datafield ind1=" " ind2=" " tag="040"><subfield code="a">NPH</subfield><subfield code="b">eng</subfield><subfield code="c">NPH</subfield><subfield code="d">OCLCQ</subfield></datafield><datafield ind1=" " ind2=" " tag="042"><subfield code="a">msc</subfield></datafield><datafield ind1="0" ind2=" " tag="130"><subfield code="a">Our town (Narbeth, Pa.)</subfield></datafield><datafield ind1="1" ind2="0" tag="245"><subfield code="a">Our town.</subfield></datafield><datafield ind1=" " ind2=" " tag="260"><subfield code="a">Narbeth, Pa. :</subfield><subfield code="b">George A. Walker</subfield></datafield><datafield ind1=" " ind2=" " tag="300"><subfield code="a">v.</subfield></datafield><datafield ind1=" " ind2=" " tag="310"><subfield code="a">Weekly</subfield></datafield><datafield ind1="1" ind2=" " tag="362"><subfield code="a">Began Oct. 15, 1914; ceased in 1949?</subfield></datafield><datafield ind1=" " ind2=" " tag="588"><subfield code="a">Description based on: Vol. 27, no. 6 (Dec. 12, 1940).</subfield></datafield><datafield ind1=" " ind2=" " tag="752"><subfield code="a">United States</subfield><subfield code="b">Pennsylvania</subfield><subfield code="c">Montgomery</subfield><subfield code="d">Narbeth.</subfield></datafield></record>